% bibliograficke zaznamy knizek prikladu v internim predpisu fakulty

% monografie

@book{ eschatologie,
author = "Joseph Ratzinger",
title = "Eschatologie: smrt a věčný život",
edition = 2,
location = "Brno",
publisher = "Barrister \& Principal",
year = 2004
}

@book{ fiorenza,
author = {{Francis S. Fiorenza}, {John P. Galvin}},
title = "Systematická teologie: římskokatolická perspektiva",
volume = 1,
location = "Brno",
publisher = "Centrum pro studium demokracie a kultury",
year = 1996
}

% kapitola v monografii

@book{ krestanstvifilosofie,
editor = { {Filip Karfík}, {Václav Němec}, {František Vilím} },
title = "Křesťanství a filosofie: postavy latinské tradice: Augustinus, Boëthius, Jan Eriugena, Anselm z Canterbury, Tomáš Akvinský, Jan Duns Scotus",
location = "Praha",
publisher = "Česká křesťanská akademie",
year = 1994
}

@inbook{ krestanstviplatonismus,
author = "Goulven Madec",
title = "Aurelius Augustinus: křesťanství jako naplnění platonismu",
crossref = "krestanstvifilosofie",
pages = "9-26"
}

% clanek v casopise 

@article{ nanebevstoupeni,
author = "Walter Kasper",
title = "Kristovo nanebevstoupení - historie a theologický význam",
journaltitle = "Mezinárodní katolická revue Communio",
year = 1999,
volume = 3, % rocnik
number = 3, % cislo v rocniku
pages = "223-232"
}

@article{ prvni,
author = "Hans Urs von Balthasar",
title = "První v novém světě",
journaltitle = "Mezinárodní katolická revue Communio",
year = 1999,
volume = 3, % rocnik
number = 3, % cislo v rocniku
pages = "297-302"
}

@article{ pout,
author = "Antonín Mandl",
title = "Pouť na Velehrad L.P.1968",
journaltitle = "Katolické noviny",
date = {1968-05-16},
volume = 20, % rocnik
number = 20, % cislo v rocniku
pages = "1-2"
}

% elektronicky zdroj

@online{ populacnivyvoj,
organization = "Český statistický úřad",
title = "Grafy populačního vývoje 1946-2004",
url = "http://www.czso.cz",
urldate = {2006-03-18}
}

@online{ empiriespekulace,
author = "Jiří Skoblík",
title = "Setkání empirie se spekulací v etické argumentaci církve",
date = {2002-09-04},
url = "http://ktf.cuni.cz/~skoblik/empir_spekul.htm",
urldate = "2006-11-16"
}

@online{ papezskanavsteva,
title = "Prohlášení arcibiskupství pražského k papežské návštěvě ČR",
date = {2006-11-16},
url = "http://tisk.cirkev.cz/z-domova/prohlaseni-arcibiskupstvi-prazskeho-k-papezske-navsteve-cr.html",
urldate = {2006-11-16}
}

% bibliograficky zaznam fakultni normy

@online{ ktfukpravidla,
organization = "Univerzita Karlova v Praze Katolická teologická fakulta",
title = "Pravidla formální úpravy akademických písemných prací",
date = {2012-06-04},
url = "http://www.ktf.cuni.cz/KTF-963-version1-FormalniupravaKTF.pdf",
urldate = {2012-12-10}
}